@mastersthesis{CHN/delay/Zhao2021,
author={赵璐捷},
title={择校问题中的“同意”选项——延迟接受算法的首位交易环改进},
school={西南财经大学},
address={成都},
year={2021},
type={硕士论文},
month={},
lang={zh},
}

@article{CHN/delay/FuW2014,
author={付连军 and 王文举},
title={延迟接受算法的改进及在准公共产品分配领域的应用——以北京市保障性住房配给为例},
journal={经济与管理研究},
year={2014},
volume={},
number={3},
pages={47-51},
month={1},
}

@article{CHN/delay/YangWH2021,
author={杨桂松 and 王不野 and 何杏宇},
title={面向延迟接受的移动群智感知多任务分配},
journal={计算机应用研究},
year={2021},
volume={38},
number={8},
pages={2440-2444},
month={8},
}

@article{CHN/taxi/ZengSW2019,
author={曾嘉郦 and 孙立双 and 王晓明},
title={北京出租车GPS轨迹数据地图匹配算法研究},
journal={北京测绘},
year={2019},
volume={33},
number={3},
pages={255-260},
month={1},
}

@article{CHN/taxi/MaZLGL2021,
author={马傲雯 and 张淑欣 and 刘文婷 and 顾美飞 and 刘怡冰},
title={基于时间组的网约车合乘路径优化算法},
journal={智能城市},
year={2021},
volume={7},
number={20},
pages={9-11},
month={10},
}

@article{CHN/taxi/XuHZZ2019,
author={许帆 and 韩宝明 and 郑玢 and 周玮腾},
title={基于时间匹配度的城市轨道交通乘客乘车方案辨识研究},
journal={都市快轨交通},
year={2019},
volume={32},
number={4},
pages={60-67,78},
month={1},
}