@article{Edmonds1965a,
  title={Paths, trees, and flowers},
  author={Edmonds, Jack},
  journal={Canadian Journal of mathematics (CJM 2017)},
  volume={17},
  pages={449--467},
  year={1965},
  publisher={Cambridge University Press}
}

@article{Edmonds1965b,
  title={Maximum matching and a polyhedron with 0, 1-vertices},
  author={Edmonds, Jack},
  journal={Journal of research of the National Bureau of Standards (JRNBAG 1965)},
  volume={69},
  number={125--130},
  pages={55-56},
  year={1965}
}

@article{karlin1988competitive,
  title={Competitive snoopy caching},
  author={Karlin, Anna R and Manasse, Mark S and Rudolph, Larry and Sleator, Daniel D},
  journal={Algorithmica (ALGOEJ 1988)},
  volume={3},
  number={1-4},
  pages={79--119},
  year={1988}
}

@article{karlin1994competitive,
  title={Competitive randomized algorithms for nonuniform problems},
  author={Karlin, Anna R. and Manasse, Mark S. and McGeoch, Lyle A. and Owicki, Susan},
  journal={Algorithmica (ALGOEJ 1994)},
  volume={11},
  number={6},
  pages={542-571},
  year={1994}
}

@inproceedings{dooly1998tcp,
  title={TCP dynamic acknowledgment delay (extended abstract) theory and practice},
  author={Dooly, Daniel R. and Goldman, Sally A and Scott, Stephen D},
  booktitle = {Proceedings of the Thirtieth Annual Symposium on the Theory of Computing (STOC 1998), Dallas, Texas, USA, May 23-26},
  pages={389-398},
  year={1998}
}

@article{dooly2001line,
  title={On-line analysis of the TCP acknowledgment delay problem},
  author={Dooly, Daniel R. and Goldman, Sally A and Scott, Stephen D},
  journal={Journal of the ACM (JACM 2001)},
  volume={48},
  number={2},
  pages={243-273},
  year={2001}
}

@inproceedings{EmekKW2016,
  title={Online matching: haste makes waste!},
  author={Emek, Yuval and Kutten, Shay and Wattenhofer, Roger},
  booktitle = {Proceedings of the 48th Annual Symposium on Theory of Computing (STOC 2016), Cambridge, MA, USA, June 18-21},
  pages={333-344},
  year={2016}
}

@inproceedings{AzarCK2017,
    author    = {Yossi Azar and Ashish Chiplunkar and Haim Kaplan},
	booktitle = {Proceedings of the 28th Annual Symposium on Discrete Algorithms (SODA 2017), Barcelona, Spain, Hotel Porta Fira, January 16-19},
	pages = {1051-1061},
	title = {Polylogarithmic Bounds on the Competitiveness of Min-cost Perfect Matching with Delays},
	year = {2017}
}

@inproceedings{DBLP:conf/waoa/AzarF18,
  author    = {Yossi Azar and
               Fanani, Amit J.},
  title     = {Deterministic Min-Cost Matching with Delays},
  booktitle = {Proceedings of the 16th International Workshop on Approximation and Online Algorithms (WAOA 2018), Helsinki, Finland, August 23-24},
  volume    = {11312},
  pages     = {21--35},
  year      = {2018}
}

@InProceedings{AACCGKMWW2017,
	 author =	{Itai Ashlagi and Yossi Azar and Moses Charikar and Ashish Chiplunkar and Ofir Geri and Haim Kaplan and Rahul Makhijani and Yuyi Wang and Roger Wattenhofer},
     title     = {Min-Cost Bipartite Perfect Matching with Delays},
     booktitle = {Approximation, Randomization, and Combinatorial Optimization. Algorithms and Techniques, (APPROX/RANDOM 2017), Berkeley, CA, August 16-18},
	 month =	{August},
	 year =		{2017}
}  

@article{DBLP:journals/corr/abs-2210-07018,
  author    = {Mathieu Mari and
               Michal Pawlowski and
               Runtian Ren and
               Piotr Sankowski},
  title     = {Online matching with delays and stochastic arrival times},
  journal   = {arXiv preprint},
  volume    = {arXiv:2210.07018},
  year      = {2022}
}

@inproceedings{bienkowski2017match,
  title={A match in time saves nine: Deterministic online matching with delays},
  author={Bienkowski, Marcin and Kraska, Artur and Schmidt, Pawe{\l}},
  booktitle = {Proceedings of the 15th International Workshop on Approximation and Online Algorithms, (WAOA 2017), Vienna, Austria, September 7-8},
  pages={132-146},
  year={2017}
}

@inproceedings{bienkowski2018primal,
  title={A primal-dual online deterministic algorithm for matching with delays},
  author={Bienkowski, Marcin and Kraska, Artur and Liu, Hsiang-Hsuan and Schmidt, Pawe{\l}},
  booktitle = {Proceedings of the 16th International Workshop on Approximation and Online Algorithms (WAOA 2018), Helsinki Finland, August 23-24},
  pages={51--68},
  year={2018},
}


@inproceedings{azar2018deterministic,
  title={Deterministic min-cost matching with delays},
  author={Azar, Yossi and Fanani, Amit J.},
  booktitle = {Proceedings of the 16th International Workshop on Approximation and Online Algorithms (WAOA 2018), Helsinki, Finland, August 23-24},
  pages={21-35},
  year={2018},
}

@inproceedings{liu2018impatient,
  title={Impatient online matching},
  author={Liu, Xingwu and Pan, Zhida and Wang, Yuyi and Wattenhofer, Roger},
  booktitle={Proceedings of the 29th International Symposium on Algorithms and Computation (ISAAC 2018), Jiaoxi, Yilan, Taiwan, December 16-19},
  volume={123},
  pages={62:1--62:12},
  year={2018},
}

@inproceedings{DBLP:conf/soda/AzarRV21,
  author    = {Yossi Azar and
               Runtian Ren and
               Danny Vainstein},
  title     = {The Min-Cost Matching with Concave Delays Problem},
  booktitle = {Proceedings of the 2021 Symposium on Discrete Algorithms,
               (SODA 2021) , Virtual Conference, January 10 - 13},
  pages     = {301--320},
  year      = {2021},
}

@InProceedings{Emek2017Minimum,
	 author =	{Yuval Emek and Yaacov Shapiro and Yuyi Wang},
	 title =	{{Minimum Cost Perfect Matching with Delays for Two Sources}},
	 booktitle =	{Proceedings of the 10th International Conference on Algorithms and Complexity (CIAC 2017), Athens, Greece},
	 month =	{May},
	 year =		{2017}
} 


@inproceedings{yao1977probabilistic,
  title={Probabilistic computations: Toward a unified measure of complexity},
  author={Yao, Andrew C.},
  booktitle={Proceedings of the 18th Annual Symposium on Foundations of Computer Science (SFCS 1977)},
  pages={222--227},
  year={1977}
}

@article{azar2020,
  title = {Deterministic {{Min-Cost Matching}} with {{Delays}}},
  author = {Azar, Yossi and Fanani, Amit J.},
  year = {2020},
  month = may,
  journal = {Theory of Computing Systems (TOCS 2020)},
  volume = {64},
  pages = {572--592},
}

@inproceedings{zhang2020,
  title = {Combinatorial {{Ski Rental}} and {{Online Bipartite Matching}}},
  booktitle = {Proceedings of the 21st {{ACM Conference}} on {{Economics}} and {{Computation}} (EC 2020)},
  author = {Zhang, Hanrui and Conitzer, Vincent},
  year = {2020},
  month = jul,
  pages = {879--910},
}