@InProceedings{mywork/LiXJWH2022,
author="Li, Sizhe
and Xue, Jinghui
and Jin, Mingming
and Wang, Kai
and He, Kun",
editor="Zhang, Yong
and Miao, Dongjing
and M{\"o}hring, Rolf",
title="A 4-Space Bounded Approximation Algorithm forÂ Online Bin Packing Problem",
booktitle="Computing and Combinatorics",
year="2022",
publisher="Springer International Publishing",
address="Cham",
pages="394--405"
}