@inproceedings{Hoefer2017,
author = {Martin Hoefer and Bojana Kodric},
title = {Combinatorial secretary problems with ordinal information},
booktitle = {Proceedings of the 44th International Colloquium on Automata, Languages, and Programming (ICALP 2017)},
pages = {133:1--133:14},
year = {2017}
}

@inproceedings{Ezra2020,
author = {Tomer Ezra and Michal Feldman and Nick Gravin and Zhihao Gavin Tang},
title = {Online stochastic max-weight matching: prophet inequality for vertex and edge arrival models},
booktitle = {Proceedings of the 21st Conference on Economics and Computation (EC 2022)},
year = {2020}
}

@article{Ezra2020a,
author = {Tomer Ezra and Michal Feldman and Nick Gravin and Zhihao Gavin Tang},
title = {Secretary matching with general arrivals},
journal = {arXiv preprint arXiv:2011.01559},
year = {2020}
}

@misc{Kesselheim2016,
author = {Thomas Kesselheim},
title = {Yao's principle and the secretary problem, lecture notes in randomized algorithms course},
year = {2016}
}

@inproceedings{conf/stoc/KarpVV90,
  author    = {Richard M. Karp and
               Umesh V. Vazirani and
               Vijay V. Vazirani},
  title     = {An Optimal Algorithm for On-line Bipartite Matching},
  booktitle = {Proceedings of the 22nd Symposium on Theory of Computing (STOC 1990), Baltimore, Maryland, {USA}, May 13-17},
  pages     = {352--358},
  year      = {1990}
}

@inproceedings{conf/stoc/MahdianY11,
  author    = {Mohammad Mahdian and
               Qiqi Yan},
  title     = {Online bipartite matching with random arrivals: an approach based
               on strongly factor-revealing LPs},
  booktitle = {Proceedings of the 43rd Symposium on Theory of Computing (STOC 2011), San Jose, CA, USA, June 6-8},
  pages     = {597--606},
  year      = {2011}
}

@inproceedings{conf/stoc/KarandeMT11,
  author    = {Chinmay Karande and
               Aranyak Mehta and
               Pushkar Tripathi},
  title     = {Online bipartite matching with unknown distributions},
  booktitle = {Proceedings of the 43rd Symposium on Theory of Computing (STOC 2011), San Jose, CA, USA, 6-8 June},
  pages     = {587--596},
  year      = {2011}
}

@article{journals/talg/HuangTWZ19,
  author    = {Zhiyi Huang and
               Zhihao Gavin Tang and
               Xiaowei Wu and
               Yuhao Zhang},
  title     = {Online Vertex-Weighted Bipartite Matching: Beating 1-1/\emph{e} with
               Random Arrivals},
  journal   = {{ACM} Trans. Algorithms (TALG 2019)},
  volume    = {15},
  number    = {3},
  pages     = {38:1--38:15},
  year      = {2019}
}

@inproceedings{conf/wine/JinW21,
  author    = {Billy Jin and
               David P. Williamson},
  title     = {Improved Analysis of {RANKING} for Online Vertex-Weighted Bipartite
               Matching in the Random Order Model},
  booktitle = {Proceedings of the  17th International Conference on Web and Internet Economics (WINE 2021), Potsdam, Germany, December 14-17},
  series    = {Lecture Notes in Computer Science},
  volume    = {13112},
  pages     = {207--225},
  year      = {2021}
}

@article{journals/teco/NaorW18,
  author    = {Joseph Naor and
               David Wajc},
  title     = {Near-Optimum Online Ad Allocation for Targeted Advertising},
  journal   = {{ACM} Trans. Economics and Comput. (TEAC 2018)},
  volume    = {6},
  number    = {3-4},
  pages     = {16:1--16:20},
  year      = {2018}
}

@inproceedings{conf/soda/CohenW18,
  author    = {Ilan Reuven Cohen and
               David Wajc},
  title     = {Randomized Online Matching in Regular Graphs},
  booktitle = {Proceedings of the 29th Symposium on Discrete Algorithms, (SODA 2018) , New Orleans, LA, USA, January 7-10},
  pages     = {960--979},
  publisher = {{SIAM}},
  year      = {2018}
}

@inproceedings{conf/esa/AlbersS22,
  author    = {Susanne Albers and
               Sebastian Schubert},
  title     = {Tight Bounds for Online Matching in Bounded-Degree Graphs with Vertex
               Capacities},
  booktitle = {Proceedings of the 30th Annual European Symposium on Algorithms (ESA 2022), Berlin, Germany September 5-9},
  volume    = {244},
  pages     = {4:1--4:16},
  year      = {2022}
}

@inproceedings{conf/focs/FeldmanMMM09,
  author    = {Jon Feldman and
               Aranyak Mehta and
               Vahab S. Mirrokni and
               S. Muthukrishnan},
title={Online stochastic matching: Beating 1-1/e},
booktitle = {Proceedings of the 50th Annual {IEEE} Symposium on Foundations of Computer Science (FOCS 2009), Atlanta, Georgia, {USA}, October 25-27},
  pages     = {117--126},
  year      = {2009}
}

@article{journals/mor/JailletL14,
  author    = {Patrick Jaillet and
               Xin Lu},
  title     = {Online Stochastic Matching: New Algorithms with Better Bounds},
  journal   = {Math. Oper. Res.},
  volume    = {39},
  number    = {3},
  pages     = {624--646},
  year      = {2014}
}

@inproceedings{conf/stoc/HuangS21,
  author    = {Zhiyi Huang and
               Xinkai Shu},
  title     = {Online stochastic matching, poisson arrivals, and the natural linear
               program},
  booktitle = {Proceedings of the 53rd Annual Symposium on Theory of Computing (STOC 2021), Virtual Event, Italy, June 21-25},
  pages     = {682--693},
  year      = {2021}
}

@inproceedings{conf/stoc/0002SY22,
  author    = {Zhiyi Huang and
               Xinkai Shu and
               Shuyi Yan},
  title     = {The power of multiple choices in online stochastic matching},
  booktitle = {Proceedings of the 54th Annual Symposium on Theory of Computing (STOC 2022), Rome, Italy, June 20-24},
  pages     = {91--103},
  year      = {2022}
}

@article{journals/algorithmica/BrubachSSX20a,
  author    = {Brian Brubach and
               Karthik Abinav Sankararaman and
               Aravind Srinivasan and
               Pan Xu},
  title     = {Online Stochastic Matching: New Algorithms and Bounds},
  journal   = {Algorithmica (ALGOEJ 2020)},
  volume    = {82},
  number    = {10},
  pages     = {2737--2783},
  year      = {2020}
}

@inproceedings{conf/stoc/TangWW22,
  author    = {Zhihao Gavin Tang and
               Jinzhao Wu and
               Hongxun Wu},
  title     = {(Fractional) online stochastic matching via fine-grained offline statistics},
  booktitle = {Proceedings of the 54th Annual Symposium on Theory of Computing (STOC 2022), Rome, Italy, June 20-24},
  pages     = {77--90},
  year      = {2022}
}

@inproceedings{conf/wine/HaeuplerMZ11,
  author    = {Bernhard Haeupler and
               Vahab S. Mirrokni and
               Morteza Zadimoghaddam},
  title     = {Online Stochastic Weighted Matching: Improved Approximation Algorithms},
  booktitle = {Proceedings of the 7th International Workshop on Internet and Network Economics (WINE 2011), Singapore, December 11-14},
  volume    = {7090},
  pages     = {170--181},
  year      = {2011}
}

@article{Y22,
  author    = {Shuyi Yan},
  title     = {Edge-weighted Online Stochastic Matching: Beating 1-1/e},
  journal   = {arXiv preprint arXiv:2210.12543},
  year      = {2022},
}

@inproceedings{DBLP:conf/soda/GoelM08,
  author    = {Gagan Goel and
               Aranyak Mehta},
  title     = {Online budgeted matching in random input models with applications
               to Adwords},
  booktitle = {Proceedings of the Nineteenth Annual {ACM-SIAM} Symposium on Discrete
               Algorithms (SODA 2008), San Francisco, California, USA, January 20-22,
               },
  pages     = {982--991},
  year      = {2008},
}

@article{DBLP:journals/jacm/FahrbachHTZ22,
  author    = {Matthew Fahrbach and
               Zhiyi Huang and
               Runzhou Tao and
               Morteza Zadimoghaddam},
  title     = {Edge-Weighted Online Bipartite Matching},
  journal   = {The Journal of the ACM (JACM 2022)},
  volume    = {69},
  number    = {6},
  pages     = {45:1--45:35},
  year      = {2022},
}